@INPROCEEDINGS{cmv:state_of_the_art, 
author={J. C. Roberts}, 
booktitle={Fifth International Conference on Coordinated and Multiple Views in Exploratory Visualization (CMV 2007)}, 
title={State of the Art: Coordinated Multiple Views in Exploratory Visualization}, 
year={2007}, 
pages={61-71}, 
keywords={data visualisation;exploratory visualization;multiple coordinated views;visual analytics;Aggregates;Data mining;Data visualization;Environmental management;Fuses;Heart;Interactive systems;Laboratories;Visual analytics;Coordinated and Multiple Views;Exploratory Visualization;Information Visualization;Linked;Views}, 
doi={10.1109/CMV.2007.20}, 
month={July},}
