@article{article,
author = {Kaur, Pawandeep and Owonibi, Michael and Koenig-Ries, B},
year = {2015},
month = {01},
pages = {30-35},
title = {Towards visualization recommendation-a semi-automated domain-specific learning approach},
volume = {1366},
booktitle = {CEUR Workshop Proceedings}
}